<record><leader>00000cas a22000007a 4500</leader><controlfield tag="001">24773769</controlfield><controlfield tag="008">911113d18941906vauwr ne      0   a0eng d</controlfield><datafield ind1=" " ind2=" " tag="010"><subfield code="a">sn 94059333 </subfield></datafield><datafield ind1=" " ind2=" " tag="040"><subfield code="a">VMC</subfield><subfield code="b">eng</subfield><subfield code="c">VMC</subfield><subfield code="d">NVK</subfield><subfield code="d">OCL</subfield><subfield code="d">NVK</subfield><subfield code="d">OCLCQ</subfield><subfield code="d">OCLCF</subfield><subfield code="d">OCLCO</subfield></datafield><datafield ind1=" " ind2=" " tag="043"><subfield code="a">n-us-va</subfield></datafield><datafield ind1="0" ind2="4" tag="245"><subfield code="a">The Bridgewater herald.</subfield></datafield><datafield ind1=" " ind2=" " tag="260"><subfield code="a">Bridgewater, Va. :</subfield><subfield code="b">Bridgewater Herald Co.</subfield></datafield><datafield ind1=" " ind2=" " tag="300"><subfield code="a">v.</subfield></datafield><datafield ind1=" " ind2=" " tag="310"><subfield code="a">Weekly</subfield></datafield><datafield ind1="1" ind2=" " tag="362"><subfield code="a">Began in 1894; ceased 1906.</subfield><subfield code="z">Cf. Cappon, Virgina newspapers.</subfield></datafield><datafield ind1=" " ind2=" " tag="500"><subfield code="a">Publisher varies: G. Richard Berlin, Sept. 6, 1895-</subfield></datafield><datafield ind1=" " ind2=" " tag="530"><subfield code="a">Available on microfilm from the Library of Virginia.</subfield></datafield><datafield ind1=" " ind2=" " tag="588"><subfield code="a">Description based on: Vol. 1, no. 4 (Feb. 23, 1894).</subfield></datafield><datafield ind1=" " ind2=" " tag="588"><subfield code="a">Latest issue consulted: Vol. 12, no. 52 (Sept. 7, 1906).</subfield></datafield><datafield ind1=" " ind2="0" tag="651"><subfield code="a">Bridgewater (Va.)</subfield><subfield code="v">Newspapers.</subfield></datafield><datafield ind1=" " ind2="7" tag="655"><subfield code="a">Newspapers.</subfield><subfield code="2">fast</subfield><subfield code="0">(OCoLC)fst01423814</subfield></datafield><datafield ind1=" " ind2="7" tag="651"><subfield code="a">Virginia</subfield><subfield code="z">Bridgewater.</subfield><subfield code="2">fast</subfield><subfield code="0">(OCoLC)fst01204686</subfield></datafield><datafield ind1=" " ind2=" " tag="752"><subfield code="a">United States</subfield><subfield code="b">Virginia</subfield><subfield code="c">Rockingham</subfield><subfield code="d">Bridgewater.</subfield></datafield></record>